<?xml version = "1.0" encoding = "UTF-8"?>
  <collection xmlns="http://www.loc.gov/MARC21/slim"
xmlns:xsi="http://www.w3.org/2001/XMLSchema-instance"
xsi:schemaLocation="http://www.loc.gov/MARC21/slim
http://www.loc.gov/standards/marcxml/schema/MARC21slim.xsd">
    <record xmlns="http://www.loc.gov/MARC21/slim"
xmlns:xsi="http://www.w3.org/2001/XMLSchema-instance"
xsi:schemaLocation="http://www.loc.gov/MARC21/slim
http://www.loc.gov/standards/marcxml/schema/MARC21slim.xsd">
      <leader>     nz  a22     n  4500</leader>
      <controlfield tag="001">000000824</controlfield>
      <controlfield tag="005">20151104165600.0</controlfield>
      <controlfield tag="008">011211|||a||||aab|||||||||||||||||||||||</controlfield>
      <datafield tag="110" ind1="2" ind2=" ">
        <subfield code="a">&lt;&lt;ha-&gt;&gt;Bima</subfield>
        <subfield code="9">lat</subfield>
      </datafield>
      <datafield tag="110" ind1="2" ind2=" ">
        <subfield code="a">&lt;&lt;?&apos;?-&gt;&gt;????</subfield>
        <subfield code="9">cyr</subfield>
      </datafield>
      <datafield tag="110" ind1="2" ind2=" ">
        <subfield code="a">&lt;&lt;?&gt;&gt;???? (??????)</subfield>
        <subfield code="9">heb</subfield>
      </datafield>
      <datafield tag="410" ind1="2" ind2=" ">
        <subfield code="a">&lt;&lt;ha-&gt;&gt;Bimah</subfield>
        <subfield code="9">lat</subfield>
      </datafield>
      <datafield tag="410" ind1="2" ind2=" ">
        <subfield code="a">National Theatre Habimah (Israel)</subfield>
        <subfield code="9">lat</subfield>
      </datafield>
      <datafield tag="410" ind1="2" ind2=" ">
        <subfield code="a">&lt;&lt;ha-&gt;&gt;Bima, ha-teatron ha-leummi</subfield>
        <subfield code="9">lat</subfield>
      </datafield>
      <datafield tag="410" ind1="2" ind2=" ">
        <subfield code="a">Theatre Habimah</subfield>
        <subfield code="9">lat</subfield>
      </datafield>
      <datafield tag="410" ind1="2" ind2=" ">
        <subfield code="a">Habimah National Theatre</subfield>
        <subfield code="9">lat</subfield>
      </datafield>
      <datafield tag="410" ind1="2" ind2=" ">
        <subfield code="a">Teatron ha-Bima</subfield>
        <subfield code="9">lat</subfield>
      </datafield>
      <datafield tag="410" ind1="2" ind2=" ">
        <subfield code="a">Habimah</subfield>
        <subfield code="9">lat</subfield>
      </datafield>
      <datafield tag="410" ind1="2" ind2=" ">
        <subfield code="a">&lt;&lt;ha-&gt;&gt;Teatron ha-leummi ha-Bima</subfield>
        <subfield code="9">lat</subfield>
      </datafield>
      <datafield tag="410" ind1="2" ind2=" ">
        <subfield code="a">??????</subfield>
        <subfield code="9">cyr</subfield>
      </datafield>
      <datafield tag="410" ind1="2" ind2=" ">
        <subfield code="a">?????? (???????????? ????? ???????)</subfield>
        <subfield code="9">cyr</subfield>
      </datafield>
      <datafield tag="410" ind1="2" ind2=" ">
        <subfield code="a">?????? (??????)</subfield>
        <subfield code="9">cyr</subfield>
      </datafield>
      <datafield tag="410" ind1="2" ind2=" ">
        <subfield code="a">&lt;&lt;?&apos;?-&gt;&gt;??????? ?&apos;?-????? ?&apos;?-????</subfield>
        <subfield code="9">cyr</subfield>
      </datafield>
      <datafield tag="410" ind1="2" ind2=" ">
        <subfield code="a">??????????????? ????????????? ?????-?????? &quot;??????&quot; (??????)</subfield>
        <subfield code="9">cyr</subfield>
      </datafield>
      <datafield tag="410" ind1="2" ind2=" ">
        <subfield code="a">?????-?????? &quot;??????&quot; (??????)</subfield>
        <subfield code="9">cyr</subfield>
      </datafield>
      <datafield tag="410" ind1="2" ind2=" ">
        <subfield code="a">????? (??????)</subfield>
        <subfield code="9">heb</subfield>
      </datafield>
      <datafield tag="410" ind1="2" ind2=" ">
        <subfield code="a">?????? ?????</subfield>
        <subfield code="9">heb</subfield>
      </datafield>
      <datafield tag="410" ind1="2" ind2=" ">
        <subfield code="a">??????? ?????</subfield>
        <subfield code="9">heb</subfield>
      </datafield>
      <datafield tag="410" ind1="2" ind2=" ">
        <subfield code="a">&lt;&lt;?&gt;&gt;??????? ?????? ?????</subfield>
        <subfield code="9">heb</subfield>
      </datafield>
      <datafield tag="410" ind1="2" ind2=" ">
        <subfield code="a">&lt;&lt;?&gt;&gt;???? - ???????? ??????</subfield>
        <subfield code="9">heb</subfield>
      </datafield>
      <datafield tag="667" ind1=" " ind2=" ">
        <subfield code="a">Heading merged from record: 000001572</subfield>
      </datafield>
      <datafield tag="667" ind1=" " ind2=" ">
        <subfield code="a">Heading merged from record: 000004642</subfield>
      </datafield>
      <datafield tag="670" ind1=" " ind2=" ">
        <subfield code="a">LCN: Habimah</subfield>
      </datafield>
      <datafield tag="670" ind1=" " ind2=" ">
        <subfield code="a">LCN: Habimah; note: repertory theater company founded in Moscow, 1917; now the national theater of Israel</subfield>
      </datafield>
      <datafield tag="670" ind1=" " ind2=" ">
        <subfield code="a">???????. 2010.</subfield>
      </datafield>
      <datafield tag="901" ind1=" " ind2=" ">
        <subfield code="a">122524458</subfield>
      </datafield>
    </record>