

<record xmlns="http://www.loc.gov/MARC21/slim"
xmlns:xsi="http://www.w3.org/2001/XMLSchema-instance"
xsi:schemaLocation="http://www.loc.gov/MARC21/slim
http://www.loc.gov/standards/marcxml/schema/MARC21slim.xsd">
  <leader>     nz  a22     n  4500</leader>
  <controlfield tag="001">000005694</controlfield>
  <controlfield tag="005">20100207224817.0</controlfield>
  <controlfield tag="008">010416|||a||||aab|||||||||||||||||||||||</controlfield>
  <datafield tag="110" ind1="2" ind2=" ">
    <subfield code="a">&lt;&lt;?&gt;&gt;????? ????????? (???????)</subfield>
    <subfield code="9">heb</subfield>
  </datafield>
  <datafield tag="410" ind1="2" ind2=" ">
    <subfield code="a">???? ??????.</subfield>
    <subfield code="b">&lt;&lt;?&gt;&gt;????? ?????????</subfield>
    <subfield code="9">heb</subfield>
  </datafield>
  <datafield tag="410" ind1="2" ind2=" ">
    <subfield code="a">????? ???????? ??????? ???? ?????</subfield>
    <subfield code="9">heb</subfield>
  </datafield>
  <datafield tag="510" ind1="2" ind2=" ">
    <subfield code="a">????? ??? ?????</subfield>
    <subfield code="9">heb</subfield>
  </datafield>
  <datafield tag="678" ind1=" " ind2=" ">
    <subfield code="a">?? ???? ???? ?-70 ?? ???? ?-20 ????? &quot;????? ??? ?????&quot;.</subfield>
  </datafield>
  <datafield tag="901" ind1=" " ind2=" ">
    <subfield code="a">140084785</subfield>
  </datafield>
</record>