

<record xmlns="http://www.loc.gov/MARC21/slim"
xmlns:xsi="http://www.w3.org/2001/XMLSchema-instance"
xsi:schemaLocation="http://www.loc.gov/MARC21/slim
http://www.loc.gov/standards/marcxml/schema/MARC21slim.xsd">
  <leader>     nz  a22     n  4500</leader>
  <controlfield tag="001">000007102</controlfield>
  <controlfield tag="005">20120101120105.0</controlfield>
  <controlfield tag="008">000301|||a||||aab|||||||||||||||||||||||</controlfield>
  <datafield tag="046" ind1=" " ind2=" ">
    <subfield code="f">1894</subfield>
    <subfield code="g">1955</subfield>
    <subfield code="2">edtf</subfield>
  </datafield>
  <datafield tag="100" ind1="1" ind2=" ">
    <subfield code="a">Adler, Hugo Chayim,</subfield>
    <subfield code="d">1894-1955</subfield>
    <subfield code="9">lat</subfield>
  </datafield>
  <datafield tag="100" ind1="1" ind2=" ">
    <subfield code="a">????, ???? ????,</subfield>
    <subfield code="d">1894-1955</subfield>
    <subfield code="9">heb</subfield>
  </datafield>
  <datafield tag="400" ind1="1" ind2=" ">
    <subfield code="a">Adler, Hugo Ch.</subfield>
    <subfield code="q">(Hugo Chayim)</subfield>
    <subfield code="9">lat</subfield>
  </datafield>
  <datafield tag="400" ind1="1" ind2=" ">
    <subfield code="a">Adler, Hugo Haim,</subfield>
    <subfield code="d">1894-1955</subfield>
    <subfield code="9">lat</subfield>
  </datafield>
  <datafield tag="400" ind1="1" ind2=" ">
    <subfield code="a">????, ???? ????,</subfield>
    <subfield code="d">1894-1955</subfield>
    <subfield code="9">heb</subfield>
  </datafield>
  <datafield tag="400" ind1="1" ind2=" ">
    <subfield code="a">????, ????</subfield>
    <subfield code="9">heb</subfield>
  </datafield>
  <datafield tag="400" ind1="1" ind2=" ">
    <subfield code="a">?????, ???? ????,</subfield>
    <subfield code="d">1894-1955</subfield>
    <subfield code="9">heb</subfield>
  </datafield>
  <datafield tag="667" ind1=" " ind2=" ">
    <subfield code="a">?????? ????? ?????? ??????? ?? ???? ?? ?????</subfield>
  </datafield>
  <datafield tag="667" ind1=" " ind2=" ">
    <subfield code="a">Heading merged from record: 000163797</subfield>
  </datafield>
  <datafield tag="670" ind1=" " ind2=" ">
    <subfield code="a">LCN: Adler, Hugo Ch.(Hugo Chayim)</subfield>
  </datafield>
  <datafield tag="901" ind1=" " ind2=" ">
    <subfield code="a">13282759</subfield>
  </datafield>
</record>